<?xml version="1.0" encoding="UTF-8"?><record xmlns="http://www.loc.gov/MARC21/slim" xmlns:cinclude="http://apache.org/cocoon/include/1.0" xmlns:zs="http://www.loc.gov/zing/srw/">
  <leader>00405cz  a2200133n  4500</leader>
  <controlfield tag="001">n  88661474 </controlfield>
  <controlfield tag="003">DLC</controlfield>
  <controlfield tag="005">19881007100617.2</controlfield>
  <controlfield tag="008">880916n| acannaab|          |a aad |||  </controlfield>
  <datafield tag="010" ind1=" " ind2=" ">
    <subfield code="a">n  88661474 </subfield>
  </datafield>
  <datafield tag="040" ind1=" " ind2=" ">
    <subfield code="a">DLC</subfield>
    <subfield code="c">DLC</subfield>
    <subfield code="d">DLC</subfield>
  </datafield>
  <datafield tag="100" ind1="1" ind2="0">
    <subfield code="a">Moussav, M.</subfield>
    <subfield code="q">(Mahmoud)</subfield>
  </datafield>
  <datafield tag="400" ind1="1" ind2="0">
    <subfield code="a">Moussav, Mahmoud</subfield>
  </datafield>
  <datafield tag="670" ind1=" " ind2=" ">
    <subfield code="a">nuc88-105279: His List of plants of Evin ... 1979</subfield>
    <subfield code="b">(hdg. on MoSB rept.: Moussav, Mahmoud; usage: M. Moussav)</subfield>
  </datafield>
</record>